<?xml version="1.0" encoding="UTF-8"?><collection xmlns="http://www.loc.gov/MARC21/slim"><record><leader>00507nam--2200169-i-4500</leader><controlfield tag="001">000029353</controlfield><controlfield tag="002">20161230</controlfield><controlfield tag="005">20161230201037</controlfield><controlfield tag="008">060222s1000------------r-----000-0-eng-d</controlfield><datafield ind1=" " ind2=" " tag="040"><subfield code="a">IFIN-HH</subfield></datafield><datafield ind1=" " ind2=" " tag="080"><subfield code="a">539.183.4(043)</subfield></datafield><datafield ind1="1" ind2=" " tag="100"><subfield code="a">Libertini, Louis James</subfield></datafield><datafield ind1="1" ind2="0" tag="245"><subfield code="a">Electron spin resonance studies of oriented nitroxides</subfield><subfield code="b">Dissertation</subfield><subfield code="c">Louis james libertini</subfield></datafield><datafield ind1=" " ind2=" " tag="260"><subfield code="a">Ann Arbor, Michigan</subfield><subfield code="b">University Microfilms</subfield><subfield code="c">1971</subfield></datafield><datafield ind1=" " ind2=" " tag="300"><subfield code="a">X+116P</subfield></datafield><datafield ind1=" " ind2=" " tag="852"><subfield code="a">47104</subfield><subfield code="c">529.18</subfield></datafield><datafield ind1=" " ind2=" " tag="CAT"><subfield code="a">Sys</subfield><subfield code="c">20120704</subfield><subfield code="h">145308</subfield></datafield></record></collection>